2614 4338
230 253 279 326 tt

328 445 435 543 Quod
454 467 538 517 curn
551 443 870 522 Drakenborchius
881 451 972 525 ben'e
989 461 1185 554 perspexis-

231 585 301 652 set,
335 572 472 668 profert
493 571 583 642 hene
599 569 856 644 coniecturam
884 581 1039 653 Necesse
1052 595 1122 667 est,
1147 587 1187 660 in

146 742 152 755 Ι
229 715 294 764 vos
309 695 389 767 odio
412 705 527 762 vestro
541 691 743 788 consuitum
760 718 786 764 a
802 699 985 771 Romanis
1004 705 1184 790 credetis,

229 832 265 890 et
281 817 332 890 sic
348 817 519 912 explicet:
546 812 705 885 Omnino
724 815 923 890 existimare
939 823 1088 910 debetis,
1113 830 1187 912 Ro-

227 965 355 1016 manos
385 935 571 1011 vobiscum
600 938 711 1032 egisse
739 963 807 1033 pro
830 945 1071 1038 magnitudine
1094 953 1184 1035 odii.

94 1051 101 1070 ‘
207 1088 304 1168 'quo
329 1087 392 1134 vos
414 1085 555 1155 semper
579 1063 755 1156 persecuti
779 1079 870 1136 sunt.
922 1071 1065 1142 Norunt
1089 1075 1186 1170 enim
1251 1145 1254 1150 .

229 1209 398 1284 magnam
414 1185 589 1257 civitatem
606 1185 665 1254 diu
681 1184 863 1280 quiescere
877 1211 946 1258 non
961 1215 1080 1284 posse,
1105 1196 1188 1270 hinc

227 1311 468 1389 interdicendo
489 1307 594 1380 bellis
617 1308 787 1390 externis,
811 1310 995 1392 adimendo
1019 1318 1123 1390 etium
1143 1321 1186 1392 il.

226 1441 281 1522 la,
305 1437 437 1531 quib'us
452 1431 526 1504 eliis
534 1431 966 1526 belluminferrepoesetis
974 1457 1186 1518 eventurum

193 1620 201 1628 .
228 1558 454 1656 praevident,
486 1568 526 1628 ut
546 1555 700 1637 hostem,
742 1578 848 1648 quem
869 1557 957 1630 soris
980 1561 1111 1636 hahere
1129 1571 1186 1640 vel

228 1683 306 1760 non
319 1679 499 1780 poteritis,
523 1679 577 1752 vel
592 1701 666 1752 non
683 1679 871 1762 audebitis,
896 1681 992 1755 domi
1004 1686 1188 1765 inventuri

228 1809 312 1910 sitis.
1161 1867 1165 1876 .

327 1932 399 2028 Qui
418 1950 534 2024 nuper
548 1929 656 2001 edidit
668 1900 788 2004 dodtas
801 1931 1076 2010 Emendationes
1089 1937 1188 2012 Lini-.-

148 2085 151 2094 ’
227 2053 329 2143 ones,
355 2062 490 2152 Georg.
508 2056 606 2128 Lud.
627 2056 1187 2154 Welchius(Berol.1818)le-

226 2184 371 2259 niorem
387 2178 457 2250 sibi
476 2178 615 2248 videtur
638 2178 810 2250 medelam
827 2179 863 2248 in
875 2197 1020 2272 promtu
1035 2183 1190 2271 hebere,

198 2381 199 2386 ,
225 2283 488 2386 inscribendo,
506 2298 868 2394 velpotiuslegendo‚·
889 2327 979 2387 „nec
989 2308 1108 2381 esseio
1120 2331 1191 2382 vos

225 2417 312 2501 odio
333 2439 451 2498 vestro
475 2423 680 2494 consultum
702 2423 878 2498 credatis?
903 2425 1016 2497 immo
1033 2430 1191 2502 maxime

225 2551 386 2624 credatis.
436 2550 544 2620 Nulla
561 2547 704 2640 (enim)
718 2571 844 2643 magne
860 2549 981 2622 civitas
995 2552 1056 2620 diu
1067 2553 1193 2648 quies-

140 2705 142 2712 ·
193 2727 196 2734 .
223 2693 309 2740 cere
325 2673 473 2762 potest.“
498 2705 524 2718 -
544 2665 684 2738 ,Verum
703 2665 742 2733 in
758 2681 911 2758 utraque
928 2671 1064 2740 ratione
1077 2674 1119 2742 id
1130 2675 1193 2746 in.

226 2791 351 2887 primis
365 2787 542 2884 displicet,
568 2790 662 2882 quod
673 2789 868 2861 seeundum
883 2802 1072 2880 utramque
1086 2795 1196 2870 Han.
1223 2885 1226 2892 Δ

227 2914 327 2987 nibal
346 2911 451 2984 iaciat
467 2911 770 3002 Carthaginienses
788 2912 831 2980 de
848 2933 889 2980 re
903 2904 1116 2998 dubitantes,
1145 2921 1197 2992 de

226 3060 297 3133 qua
318 3034 481 3108 dubitare
501 3055 660 3124 unquam
680 3055 746 3102 nec
758 3047 962 3127 potuer-ont,
987 3041 1198 3111 necvolue-

224 3172 327 3242 rent,
360 3158 404 3230 de
427 3156 498 3227 odii
517 3154 668 3225 Romani
682 3154 720 3224 in
734 3179 771 3226 se
788 3157 1041 3250 magnitudine.
1092 3165 1196 3236 Nam

224 3283 257 3354 si
280 3280 411 3361 levius,
438 3301 545 3371 quarn
562 3301 627 3370 par
640 3291 733 3358 eret,
760 3303 802 3348 ex
816 3281 1024 3352 Hannibalis
1043 3299 1197 3368 senten..

223 3405 274 3477 tia
286 3405 426 3498 ademta
438 3399 505 3470 sibi
521 3423 638 3482 orma,
664 3401 821 3472 incensas
837 3427 943 3474 naves
957 3404 1193 3483 interdictum

225 3525 381 3599 externis
404 3523 510 3594 bellis
521 3525 693 3605 tulerant,
719 3548 792 3598 non
810 3541 883 3596 tam
900 3527 969 3598 odii
983 3529 1134 3600 Romani
1151 3557 1193 3602 a·

129 3726 131 3730 ,
227 3647 398 3725 cerbins,
423 3669 531 3739 quam
543 3647 609 3726 id,-
622 3647 660 3716 in
675 3669 747 3742 qno
762 3649 879 3719 rnaior
896 3663 931 3718 et
951 3651 1195 3741 perniciosior

226 3771 355 3858 inesset
381 3766 453 3840 odii
473 3768 544 3853 vis,
571 3792 630 3840 eos
644 3771 802 3843 latuerat
853 3772 948 3840 Trrm
964 3785 998 3840 et
1011 3771 1089 3865 ipsa
1106 3799 1194 3845 ver-

222 3894 353 3976 borum
378 3893 579 3966 coniunctio
602 3893 641 3964 in
657 3916 722 3966 vos
739 3893 820 3965 odio
834 3908 952 3966 vestro
968 3895 1193 3994 consultum
