2614 4338
86 235 367 300 .40,.

209 439 268 492 ma
277 415 622 490 secundaeiortunae
631 411 810 486 exsisteret
817 411 993 502 definitio,
1011 419 1187 492 nisisen-

210 565 270 614 sus
282 542 346 614 toti
357 542 440 616 ioco
454 541 583 612 inesset
595 537 809 632 singularis?
838 541 1183 634 liotpostremoin-⁸

210 677 350 757 operm,
374 663 481 734 aliam
494 683 642 756 quoque
656 658 830 732 felicitatis
845 657 976 734 afferre
988 665 1178 736 rationem

207 787 315 881 plane
330 787 510 857 diversam.
560 783 678 860 Addo,
703 786 816 879 quod,
841 789 1176 883 quaecunquepla-

209 922 266 979 cet
288 933 331 980 ex
345 907 418 978 istis
434 896 800 1000 interpretationibus,
829 909 1082 1002 respondentes
1096 909 1175 982 sibi

208 1031 419 1112 sententiae,
443 1030 481 1101 in
496 1033 563 1101 hac
575 1029 794 1123 potissimum
810 1029 972 1100 oratione
986 1033 1175 1106 rhetorica

209 1167 285 1224 arte
297 1152 558 1248 frequentatae,
579 1150 836 1222 desiderantur.
861 1151 1039 1246 Equidem
1053 1152 1174 1225 conii·

207 1287 304 1358 teor,
336 1277 419 1346 loco
436 1289 559 1347 nostro
577 1275 624 1346 ita
642 1273 817 1368 explicato
836 1287 871 1344 et
885 1275 1009 1346 relicto
1023 1299 1171 1348 sensum

204 1399 335 1471 elicere
354 1401 584 1470 commodum
604 1421 662 1468 me
682 1421 756 1467 non
773 1419 885 1492 posse
935 1399 1059 1494 itaque
1075 1401 1170 1466 ἕντε.
1246 1471 1252 1480 ι

206 1502 377 1609 dedendae
390 1520 603 1590 mutaverim
618 1518 657 1588 in
668 1513 705 1584 εὖ
712 1519 934 1609 τελευτῆσαι,
959 1543 1066 1614 quam
1077 1543 1169 1592 con-

205 1642 381 1713 iecturam
399 1655 711 1736 anteperspectum
721 1641 1165 1736 Popponielibellumcum

205 1762 409 1837 Bomhardo
423 1763 656 1846 Ansbacensi,
681 1764 807 1835 litteris
820 1763 965 1836 Graecis
978 1768 1163 1861 atqueLa-

129 1895 134 1910 ¹
205 1885 287 1956 tinis
307 1887 499 1956 admodum
523 1887 647 1966 docto,
680 1885 1039 1958 communicaveram.
1087 1887 1165 1958 Sci-

206 2009 423 2105 licetPoppo
434 2011 582 2086 eandem
593 2009 797 2107 corrigendi
806 2008 898 2082 viam
908 2010 1162 2106 inibatquam-

208 2153 315 2226 quam
334 2135 414 2203 loco
436 2157 563 2228 parum
589 2135 770 2204 intellecto
794 2148 829 2205 et
842 2149 978 2206 temere
999 2149 1163 2208 correcto

159 2235 164 2244 ⁵
207 2253 251 2324 de
273 2256 418 2327 veritate
439 2255 690 2325 emendationis
716 2255 907 2347 dubitabat.
956 2259 1094 2354 Nempe
1103 2256 1164 2328 hie

178 2369 189 2390 *
206 2355 261 2456 ui,¹
281 2377 376 2470 quod
392 2374 469 2448 fieri
485 2401 551 2475 per
563 2391 673 2452 totam
690 2377 887 2450 orationem
900 2381 990 2449 hanc
1001 2403 1163 2464 necesse,

206 2497 251 2568 de
266 2500 414 2574 oratoris
430 2517 505 2574 arte
521 2505 684 2572 ἀντίθετα
697 2505 960 2600 frequentante,
986 2503 1164 2596 cogitave-

206 2620 273 2703 rit,
295 2646 397 2718 posse
409 2625 500 2693 illud
511 2619 549 2688 ad
561 2624 766 2710 τελευτῆσαι
778 2624 880 2692 facile
892 2639 1053 2694 constare
1064 2625 1161 2695 vide-

206 2736 273 2816 bis,
312 2741 454 2810 Etenim
466 2740 576 2811 verbo
589 2742 649 2807 vini
664 2740 712 2814 οἷς
725 2736 1056 2862 ἐνευδαιμονῇσαιῐ.
1076 2741 1161 2811 Eov.

208 2861 382 2951 custodio
405 2885 517 2955 quum
534 2885 740 2957 praegressa
763 2860 959 2958 explicandi
970 2884 1078 2932 ⁴cntrsa
1099 2887 1159 2959 ap.

207 2983 322 3078 posita
339 2985 425 3068 sint,
451 2999 527 3058 tum
537 2983 833 3077 ἐνευδαιμονῇσαι
846 2986 949 3056 debet
964 2988 1010 3057 ad
1022 3010 1099 3069 eos,
1125 2993 1161 3057 ot

208 3105 256 3180 ἄν
272 3109 330 3197 τῆς
345 3109 576 3199 εὐπρεστᾰτῃς
590 3111 701 3200 λύπης
713 3111 882 3194 λάχωσιν
897 3124 931 3182 et
947 3105 985 3178 εὖ
1005 3111 1158 3203 τελευτῆ-

178 3267 181 3274 »
209 3245 269 3298 σαι
286 3233 329 3304 ad
345 3255 420 3314 eos,
447 3236 485 3298 oi
495 3232 541 3299 dv
557 3234 615 3324 τῆς
629 3236 899 3327 εὐπρεπεστᾰτῃς
912 3238 1085 3327 τελευτᾷς,
1104 3259 1158 3309 re-

206 3350 313 3438 ferri3
346 3369 453 3450 atque
475 3355 615 3432 ὁμοίως,
633 3370 684 3426 est
706 3380 787 3427 cum
812 3357 993 3450 ἐυνεμετρ.
1014 3359 1158 3430 οοηίυιι..

205 3479 372 3569 gendum.
396 3479 548 3554 Ὁμοίως
559 3480 652 3552 istud
661 3495 778 3552 autem
790 3505 863 3553 non
877 3484 952 3554 sine
967 3483 1002 3552 vi
1017 3482 1154 3566 dictum,

158 3598 162 3608 ’
207 3611 329 3693 utpote
349 3627 419 3698 qua
442 3626 531 3676 voce
552 3603 724 3678 adimatur
749 3604 867 3678 omnis
888 3603 1090 3698 lugentibus
1108 3605 1153 3674 la-

202 3715 385 3795 mentandi
412 3751 534 3798 causa:
575 3745 730 3827 namque
757 3755 823 3826 par
852 3743 904 3798 est
924 3739 1152 3820 utrorumque

148 3936 151 3939 Ι
200 3867 279 3922 cors
302 3871 414 3944 eaque
435 3851 548 3923 beata.
598 3851 831 3948 Iamqueloei
850 3853 938 3921 haec
954 3857 1006 3920 es't
1022 3848 1150 3930 inlati,
