2614 4338
205 261 296 362 '16
521 283 527 290 '
755 259 773 294 '

237 481 331 550 'rnen
352 476 439 550 libet
453 495 548 550 nunc
563 473 710 552 afferret
741 471 856 556 ll-me
873 475 1003 579 suffire
1020 505 1088 578 que
1105 495 1201 560 cette

247 601 398 674 histoire
409 595 522 700 soit'
502 601 613 700 Juge'e
629 600 720 678 utile
733 625 807 694 por
822 627 919 676 ceux
932 629 996 700 qur
988 608 1201 682 voudront

246 724 405 798 mediter
427 748 494 794 sur
515 724 552 794 le
574 725 721 796 certain
742 721 844 796 des
827 749 1044 802 evenernens
1064 755 1199 824 posses,

246 855 285 916 et
305 822 349 918 de
373 870 469 919 ceux
489 869 553 939 qur
544 841 764 918 doivent
746 871 771 916 a
783 848 807 916 l’
821 852 969 934 uvenir,
994 855 1149 926 suivant
1161 852 1203 922 lu

234 982 386 1066 nuture
411 970 474 1040 des
496 969 621 1046 choses
640 971 857 1055 humnines,
882 970 960 1044 etre
981 976 1202 1048 semblables

245 1102 391 1165 venant
412 1087 437 1162 ὰ
456 1116 494 1162 se
517 1090 760 1182 representer.
809 1093 945 1166 Doctus
967 1096 1025 1168 ille
1046 1099 1203 1169 Franco-

234 1215 360 1311 gallus
380 1237 451 1284 non
469 1235 574 1305 posse
593 1211 635 1278 ro*
655 1211 758 1303 eoois
771 1214 949 1286 contendit
962 1220 1204 1310 perspicuum

117 1355 121 1364 '
244 1361 273 1412 e.
291 1340 330 1408 in
346 1339 453 1410 eluro
469 1337 549 1408 luce
562 1337 730 1430 positum
744 1333 961 1428 significare,
991 1341 1053 1410 sed
1067 1341 1203 1416 idoneis

244 1461 439 1540 rationibus
460 1459 568 1530 allatis
588 1457 701 1528 nullis.
750 1458 874 1562 Poppo
896 1475 1017 1532 corrtra
1037 1461 1130 1534 illius
1146 1462 1203 1533 in·

135 1669 137 1672 ¹
244 1582 535 1683 terpretntionem
549 1580 1079 1680 (lecenain)appellatfalsam,
1105 1587 1203 1680 quod

246 1731 351 1784 omne
371 1706 600 1822 sittfuturum
622 1705 816 1777 incertum:
843 1707 942 1802 quasi
954 1709 1060 1780 rebus
1074 1707 1203 1780 futuris

110 1851 113 1858 ·
206 1895 210 1904 ,
245 1831 286 1904 in
307 1835 400 1904 clara
420 1834 502 1903 luce
521 1828 644 1924 positis
660 1827 750 1932 nihil
766 1828 848 1902 insit
861 1829 958 1904 certi.
1007 1833 1077 1902 Sed
1088 1855 1202 1926 quum

243 1956 315 2026 viri
336 1956 452 2034 docti,
481 1952 673 2047 dequibus
696 1952 765 2022 iam
784 1952 917 2048 agitur,
942 1967 982 2024 ut
996 1978 1042 2026 ne
1055 1979 1127 2050 qua
1143 1943 1219 2040 ra-‚x

233 2070 341 2150 ¹tione
357 2080 443 2150 alt'er
458 2077 598 2148 alterius
614 2077 658 2148 ad
666 2075 872 2151 sententiam
880 2077 1061 2158 accedant,
1086 2078 1124 2148 in
1137 2102 1204 2150 sua

243 2200 427 2271 videantur
450 2198 618 2288 sententia
638 2197 865 2294 pertinaciter
887 2213 1058 2293 perstare3
1081 2199 1204 2279 nobie,

232 2348 337 2418 Nquae
365 2324 391 2394 ii
418 2322 612 2416 disputant,
650 2323 841 2417 coningere
860 2319 974 2393 liceat.
1036 2323 1203 2430 Namque

190 2543 193 2548 y
227 2448 377 2554 scaeis,
402 2446 438 2516 id
454 2447 551 2540 quod
564 2461 710 2542 apparet
725 2469 766 2516 ex
776 2468 843 2515 usu
851 2444 1033 2528 vocabuli,
1058 2460 1110 2516 est
1123 2469 1204 2518 cer·

243 2552 307 2642 tus
326 2569 490 2664 quadem
506 2572 547 2642 in
564 2574 673 2640 rebus
689 2571 995 2681 perspicuitates.
1011 2568 1203 2664 perspicu-

245 2715 290 2762 us
315 2695 494 2787 simulque
520 2698 653 2762 certus.
705 2692 757 2760 lta
780 2713 864 2760 vero
888 2693 950 2782 qui
970 2692 1154 2786 perspicue
1168 2705 1204 2760 et

176 2837 184 2860 ⁴
245 2789 342 2886 certo
358 2816 531 2911 expositas
546 2815 665 2884 volent
675 2835 732 2881 res
746 2824 858 2907 gestas
873 2810 1112 2889 considerare,
1136 2833 1203 2880 un·

245 2937 306 3015 de,
317 3015 321 3022 ,
331 2938 359 3008 si
373 2963 443 3032 qua
454 2937 545 3007 forte
560 2935 735 3006 similibus
747 2959 790 3006 ex
803 2934 914 3004 causis
929 2935 997 3004 sint
1006 2932 1110 3004 simili
1125 2957 1203 3006 mo-

244 3061 292 3130 do
310 3076 497 3164 eventura,
524 3084 564 3129 ea
589 3059 627 3128 in
648 3061 744 3128 clara
757 3061 836 3128 lnce
847 3058 1072 3152 praevideant
1089 3074 1203 3142 certo.

241 3183 407 3256 idoneam
428 3182 647 3276 Thucydidis
672 3181 852 3254 historiam
865 3183 1056 3278 utilemque
1071 3182 1202 3260 iudica·

243 3305 439 3380 bunt-esse.
489 3306 606 3397 Atque
625 3305 684 3374 vix
699 3320 767 3384 est,
792 3308 887 3402 quod
901 3308 944 3378 ad
955 3308 1201 3380 stabiliendam

244 3429 343 3502 vocis
368 3427 481 3516 oanis
504 3418 792 3522 significationem
811 3430 956 3532 afferam
977 3433 1140 3528 Thucyd
1155 3433 1198 3500 ll.

246 3567 307 3628 4ο,
332 3549 529 3638 Κράτιστοι
552 3547 580 3617 δ’
596 3551 643 3618 ἄν
658 3553 727 3643 τήν
742 3555 872 3648 ψυχῂν
893 3551 1035 3628 δικαίως
1050 3554 1199 3642 περιθεῖεν

247 3681 283 3743 οἱ
307 3673 351 3742 τά
366 3697 400 3738 τε
417 3668 510 3740 δεινοὶ
529 3677 589 3744 καὶ
607 3673 694 3766 ἡδέα
706 3680 911 3769 ,σαφέστατα
928 3677 1199 3774 yeyvoidnoureg,

246 3797 311 3870 ubi
337 3799 554 3890 σαφέστατα,
587 3802 684 3896 quod
702 3815 841 3873 tantum
859 3803 929 3871 duo
943 3799 1078 3880 codices
1097 3796 1200 3867 omit-

249 3937 346 4005 tunt,
376 3921 475 3993 uncis
496 3925 721 4024 liberandum
747 3948 830 3999 cum
848 3923 1022 4036 Elmsleio'
1036 3919 1200 4016 existimo.
