2614 4338
1016 306 1084 376 *⁴2

125 497 484 603 tuumpotantNa'xia
497 493 604 568 turba
618 515 792 584 merum..
819 491 954 566 Verum
963 488 1084 589 aperte

125 648 260 708 mutato
277 629 402 703 ordine
415 624 523 696 habet
537 623 670 692 Seneca
685 619 774 693 Oed.
789 641 822 692 r.
842 617 923 696 160.
939 621 1087 718 Rupere

124 757 238 832 Erebi
260 755 412 824 claustra
435 745 605 843 profundi
626 744 732 816 turba
745 765 912 845 sororum
930 759 968 818 et
981 745 1085 820 ovida

125 884 219 952 Fast.
238 879 281 951 tt
305 899 339 951 v.
354 871 441 954 θὸτι
460 869 687 946 Conveniunt
711 867 961 968 celebrantque
980 858 1088 969 dapes

130 1005 260 1092 ricinia
273 1001 432 1098 simplex.
503 1020 508 1024 ·

278 1287 281 1292 .
497 1293 500 1300 ,
543 1273 546 1280 ·
591 1259 626 1322 2·

151 1387 153 1392 ’
273 1370 393 1448 lacus
407 1374 508 1448 livii
522 1372 644 1445 XXX.
659 1380 716 1446 44.
734 1366 953 1462 explicatus.

230 1497 272 1568 In
291 1495 501 1571 Hannibalis
517 1491 691 1574 oratione,
723 1515 831 1586 quam
846 1493 968 1565 Livius
984 1495 1089 1569 abeo

130 1604 287 1694 habitam
306 1645 382 1693 esse
403 1619 535 1699 refert,
566 1640 650 1687 cum
670 1611 872 1686 Hasdrubal
887 1611 1091 1694 risumeius

130 1746 169 1820 in
185 1746 329 1842 publico
344 1744 387 1816 de
402 1744 573 1837 imperata
586 1739 740 1836 pecunia
753 1742 854 1810 luctu
865 1741 1091 1838 increpasset,

132 1872 301 1963 leguntur
318 1871 404 1938 haec
419 1866 548 1936 verba:
1115 1933 1125 1942 ,

134 1995 305 2063 Necesse
323 1993 364 2062 in
378 2009 444 2061 vos
458 1987 543 2060 odio
558 1994 683 2058 vestro
692 1985 907 2059 censullmn
919 1968 1092 2067 credetis.
1147 1977 1152 1984 ’

132 2115 234 2186 Haec
251 2112 449 2204 Creviepius
462 2109 702 2203 itaexposuit:
729 2110 880 2203 „Neque
894 2125 1014 2189 tamen
1033 2137 1093 2187 era.

132 2238 301 2316 istimate,
326 2237 493 2306 ideotam
508 2233 636 2303 acerbe
650 2231 760 2327 egisse
768 2233 953 2304 vobiscum
960 2239 1094 2308 Rotna-

134 2383 221 2442 ποι,
245 2369 287 2430 ut
304 2359 424 2428 odium
445 2380 549 2428 suum
563 2356 761 2449 explerent3
787 2356 848 2425 sed
858 2373 996 2430 vestrae
1012 2361 1094 2456 paci
1168 2381 1172 2388 ·

134 2506 176 2554 ac
192 2480 440 2575 tranquillitati
457 2479 734 2556 consuluerunt,
760 2489 795 2545 et
810 2480 978 2569 quoniam
995 2484 1095 2552 nuilla

137 2619 265 2696 magna
288 2599 411 2670 civitas
433 2597 766 2692 quiescere'potest,
790 2595 893 2671 vebis
908 2600 1096 2672 viresade.

136 2735 297 2804 merum,
322 2735 363 2792 ut
378 2720 559 2815 quiescere
573 2717 823 2814 cogeremini“.
873 2721 974 2818 Quae
987 2747 1096 2818 quam

136 2868 263 2942 parum
285 2859 380 2916 recte
398 2867 436 2914 se
449 2843 623 2924 habeant,
648 2839 765 2937 quivis
775 2842 884 2914 uidet
932 2843 1097 2917 Primum

139 2967 237 3038 enim
256 2968 318 3038 vix
340 2966 544 3060 persuaderi
557 2965 647 3037 mihi
660 2965 792 3060 patiar,
818 2965 904 3039 odio
920 2977 1044 3046 vestro
1053 2971 1097 3041 de

138 3091 384 3164 Romanorum
396 3090 435 3160 in
452 3089 754 3184 Carthaginienses
770 3089 852 3164 odio
864 3091 976 3186 ac'cipi
989 3093 1098 3166 debe·

140 3235 212 3284 re.=
234 3213 334 3289 Nam
354 3226 395 3282 ut
416 3213 530 3308 pessit
548 3213 618 3282 hcc
643 3211 792 3282 omnino
816 3213 969 3298 admitti,
999 3217 1098 3310 quod

36 3319 54 3389 ’-
140 3337 309 3430 exemplis
333 3350 385 3406 sat
402 3336 521 3416 multis
546 3333 696 3406 ostendit
711 3335 747 3404 b.
764 3335 789 3406 1.
808 3335 1098 3408 Drakenborchi·

140 3483 198 3542 us,
222 3459 317 3530 haud
330 3473 449 3532 tamen
464 3461 592 3544 credo,
617 3460 688 3530 bec
702 3457 742 3538 in
753 3453 834 3529 loce
846 3454 989 3530 Livium
998 3471 1099 3557 mag*-
1151 3471 1162 3480 “

142 3607 188 3652 ua
212 3605 294 3654 cum
315 3583 546 3679 ambiguitate
569 3581 779 3679 praetulisse
802 3577 1098 3677 significationem
1148 3571 1150 3576 ⁵

142 3704 351 3776 alieniorem
374 3707 531 3778 usitatae.
582 3707 678 3778 'l'utn
701 3705 730 3776 si
749 3705 811 3780 sslc
827 3704 934 3777 modo
948 3707 1100 3800 accipia-

143 3805 223 3908 tuf*‚
255 3848 375 3898 nonne
400 3841 517 3898 tamen
541 3827 598 3900 vel
620 3828 672 3903 sic
688 3827 811 3897 odium
825 3823 930 3911 suum
945 3827 1100 3906 Romani

145 3949 230 4024 satis
248 3949 492 4068 expleverint?
755 3927 762 3939 x
