2614 4338
248 241 277 322 6

249 455 312 516 eut
325 451 436 512 totam
452 437 670 532 Thucydidis
687 435 800 510 conati
810 448 892 507 sunt
906 435 1010 506 edere
1023 433 1181 505 historiam

253 587 334 632 cum
350 561 724 638 animadversionibus,
749 558 1184 649 autlibrumtotumimple-

250 705 292 754 re
315 683 442 754 criticis
467 680 505 754 in
532 684 676 753 eandem
700 681 1019 763 observationibus,
1050 701 1188 773 quorum

248 805 401 876 studium
426 820 531 900 atque
549 807 755 878 industriam
777 829 854 906 non¹
868 829 1021 901 aequum
1043 819 1091 876 est
1104 828 1192 875 cout-

249 927 480 1023 tut‘nuiatque
493 927 681 1024 frigescere
696 930 733 1000 in
747 933 855 1000 altera
870 930 1045 1008 librorum
1058 941 1161 1020 parte.

348 1053 418 1122 Sed
430 1067 594 1123 revertor
616 1053 659 1124 ad
676 1055 746 1132 Te,
772 1053 838 1123 Vir
862 1053 1004 1146 optime.
1054 1052 1142 1119 Nam
1158 1047 1199 1117 in

249 1175 462 1246 memoriam
485 1176 555 1248 iam
577 1179 724 1248 redeunt
744 1163 877 1256 meam,
910 1199 1001 1270 quoae
1022 1145 1202 1246 in'intimo

248 1287 368 1370 animo
384 1315 464 1370 sunt
479 1301 660 1392 inscripta,
684 1300 881 1396 benignitas
896 1302 976 1370 Tua
990 1323 1032 1368 ac
1048 1293 1206 1366 liberali-

248 1431 300 1488 tas
319 1421 543 1513 comitasque.
592 1423 776 1492 Recordor
797 1445 901 1502 vero,
933 1417 1040 1515 quam
1064 1419 1125 1488 'ru
1145 1441 1211 1508 pa·

250 1552 355 1610 terno
379 1565 463 1614 sane
489 1541 606 1615 animo
631 1544 751 1643 juveni
776 1546 1019 1632 consulueris„
1055 1541 1216 1612 dubium

217 1683 218 1688 ’
251 1665 403 1768 aenaria,
436 1685 637 1763 sperantem
659 1671 942 1752 confirmaveris,
973 1679 1073 1762 quae·
1088 1662 1222 1735 omnia

250 1789 384 1860 sentire
401 1793 528 1888 magis,
552 1819 659 1899 quarn
673 1797 793 1866 dicere
806 1817 960 1888 possum.
1009 1791 1086 1860 Pro·
1097 1785 1226 1856 meri-

226 1997 228 2009 ἱ
249 1909 295 1979 tis
312 1915 500 1986 Tuis'Tibi
514 1919 677 2012 plurimis
694 1934 729 1989 et
744 1918 905 1988 maximis
917 1916 1050 1986 utinam
1066 1909 1229 1982 referre

200 2127 204 2141 Ι
236 2035 402 2150 'gratiam
416 2040 548 2132 possim
561 2042 723 2112 meritam
737 2041 978 2132 debitamque!
1006 2036 1125 2131 Igitur
1142 2053 1230 2126 quo

252 2174 311 2227 me
334 2176 438 2256 pacto
457 2165 585 2259 ¹melius
609 2189 751 2260 geram,
786 2166 852 2236 nisi
874 2164 906 2234 si
928 2165 964 2234 id
985 2159 1230 2254 potissimum

252 2303 355 2376 agam
376 2287 610 2388 omnibusque
630 2272 769 2359 viribus'
781 2291 891 2368 nitar,
923 2301 964 2364 ut
977 2309 1023 2356 ne
1040 2287 1128 2352 Tua
1149 2279 1230 2348 dis·-

252 2404 379 2497 ciplina
397 2416 587 2506 appaream
602 2411 791 2508 indignus?
841 2410 1011 2507 Quamvis
1024 2429 1120 2476 vero
1141 2428 1230 2474 mat-

249 2527 530 2628 ximega‘udebo,
546 2539 575 2610 si
584 2540 669 2629 quid
678 2539 761 2619 ‚Tibi
769 2539 875 2607 huius
884 2529 1085 2629 speciminis
1097 2547 1230 2622 quan-

233 2649 456 2745 'tulicunque
473 2657 702 2746 probabitur,
733 2657 939 2728 tamenhoo
958 2655 1076 2745 ipsum
1098 2643 1230 2718 confi·

135 2762 138 2767 “
250 2785 330 2842 teor
348 2791 455 2849 tenuo
476 2803 570 2862 esse,
587 2804 774 2876 speroque
792 2807 850 2853 rne
868 2778 1053 2877 aliquando
1069 2773 1230 2847 exhibi-

250 2897 373 2968 turum
391 2900 526 2971 maiora
540 2905 768 2997 melioraque.
816 2907 913 2974 Vale.
962 2901 1132 2982 Scribeb.
1154 2900 1230 2968 Be-

187 3057 190 3064 ·
251 3015 358 3090 rolini
373 3019 492 3100 Idibus
510 3026 641 3130 Aprilis¹
658 3027 746 3098 annis
757 3025 1024 3117 MDCCCXIX.
1066 3127 1068 3131 ,
