2614 4338
158 264 205 344 ao

131 549 136 556 ι
161 469 254 536 tuln?
277 461 413 534 ¹Refert
434 460 528 532 enim
548 458 607 530 bic
628 483 775 555 quoque
795 462 870 530 τῶν
892 457 937 560 blf
952 463 997 535 ad
1018 485 1123 560 proe-

161 609 323 684 gressum
343 587 482 663 αιξτῶν,
514 583 577 656 etsi
601 583 816 680 intelligens,
853 611 960 682 quun
976 590 1023 657 ito
1043 613 1123 658 aa·

162 711 222 780 dat
234 701 354 780 sensus
370 709 528 803 ineptus,
554 729 597 775 ex
611 729 675 775 suo
693 673 840 802 ingenio
849 707 1019 799 ἀφίεὰθαι
1032 710 1122 780 scri·

160 831 246 904 bere
267 832 375 927 cupit.
424 831 539 900 Falso.
591 829 702 900 Valde
722 830 815 900 enim
836 833 1050 912 cavendum,
1075 855 1121 902 ue

162 955 331 1028 orationis
359 966 476 1047 partes
507 952 682 1022 rhetorice
705 951 910 1025 distributas
930 977 1122 1049 perperam

88 1083 92 1093 “
163 1077 401 1152 oommisceas.
451 1074 498 1146 Ar
517 1075 689 1168 quidest,
715 1078 812 1172 quod
828 1077 1026 1148 erraverint
1035 1079 1121 1148 doo-

160 1203 189 1272 ti
201 1199 294 1272 viri?
326 1195 531 1293 Neglexisse
543 1195 688 1290 quidem
701 1197 882 1282 ridentur,
902 1203 1121 1294 neutraplu-

163 1323 246 1395 ralis
265 1320 428 1403 numeri,
454 1341 564 1412 eaque
585 1317 761 1413 imprimis
776 1321 1056 1413 pronominum,
1083 1345 1121 1394 e-

161 1447 237 1543 pud
259 1447 418 1516 Graecos
438 1439 545 1510 fuisse
562 1437 686 1510 indute
705 1441 911 1512 substantivi
932 1443 1122 1540 singularis

127 1559 131 1568 ⁸
162 1568 305 1644 numeri
329 1566 365 1638 ri
394 1588 435 1636 ac
458 1576 650 1658 potestate,
688 1563 840 1659 ideoque
865 1565 993 1638 referri
1017 1565 1121 1637 facile
1187 1619 1192 1640 .

160 1723 264 1798 posse
289 1697 332 1770 ad
351 1691 568 1765 substantiva
594 1692 783 1762 masculini
805 1710 865 1766 aut
881 1693 1045 1766 feminini
1061 1717 1123 1788 ge·

162 1822 277 1898 neris.
307 1820 346 1890 in
368 1813 539 1911 singulari
558 1833 710 1886 numero
734 1817 855 1911 posita.
907 1817 976 1890 Sed
997 1817 1122 1886 bacde

160 1969 201 2017 re
220 1967 327 2038 supra
341 1941 411 2010 iam
427 1937 589 2008 diximus.
640 1937 681 2004 Id
696 1962 809 2032 quum
823 1938 870 2010 ita
886 1939 945 2020 sit,
970 1935 1044 2009 noir
1055 1939 1121 2008 du-

162 2068 240 2140 bito
261 2069 335 2132 τῶν
357 2059 394 2132 δὲ
415 2075 569 2132 statuere
594 2082 662 2153 pro
692 2062 756 2128 τοῦ
779 2057 814 2129 δὲ
831 2064 904 2158 (sc.
923 2063 1122 2128 καλλίστου

163 2186 365 2282 κινδύνοῡ)
390 2183 545 2280 positum
563 2205 654 2264 esse,
680 2185 778 2277 quod
793 2185 938 2278 quidem
954 2185 1027 2256 ism
1040 2198 1123 2268 aute

164 2337 224 2387 me
241 2311 343 2383 video
360 2306 534 2402 placuisse
548 2304 733 2380 Bredovio.
783 2307 831 2379 At
844 2308 945 2380 locus
961 2289 1123 2379 etiamite
1172 2309 1176 2320 ‘

163 2437 317 2536 quadmn
343 2443 443 2526 parte
466 2428 617 2498 laborat.
667 2427 811 2500 Etenim
842 2407 1035 2505 oratoriam
1061 2432 1123 2501 de·

162 2557 395 2653 scriptionem
427 2553 456 2624 si
477 2552 702 2647 spectaretis,
735 2578 847 2649 quum
873 2572 1028 2652 quatuor
1053 2553 1178 2654 siut,

138 2753 140 2760 ,
166 2681 348 2760 membra,
382 2696 536 2771 quorum
559 2677 629 2748 duo
648 2700 812 2772 quaeque
835 2679 902 2747 sibi
928 2679 1123 2771 responde-

162 2820 245 2887 ant,
272 2800 419 2872 omnino
436 2781 568 2870 relicto¹
579 2801 649 2876 μετ’
664 2799 777 2864 αὐτοῦ
791 2797 985 2891 intelliges,
1009 2818 1123 2866 unum

166 2926 369 3017 membrum
388 2924 424 2994 id
443 2923 510 2992 sibi
530 2921 693 2993 iunctum
711 2921 864 3002 babere,
881 2932 883 2942 ’
898 2921 995 3012 quod
1015 2919 1053 2988 in
1072 2919 1123 2988 al·
1246 2959 1247 2964 κ

165 3066 246 3120 tero
277 3049 352 3118 solo
375 3060 517 3140 oportet
539 3068 631 3126 esse3
671 3042 814 3135 quaudo
838 3040 980 3133 quidem
1002 3041 1123 3135 singu-

165 3169 260 3240 laria·
278 3169 317 3239 in
339 3169 576 3264 singularibus
599 3167 718 3236 solent
739 3177 813 3233 esse
838 3177 1022 3244 contente,
1055 3139 1123 3231 nec

166 3295 237 3366 duo
265 3294 349 3365 licet
371 3295 409 3364 in
433 3313 547 3362 unum
568 3290 616 3358 ita
636 3290 844 3357 coalescere.
894 3290 993 3381 Ergo
1014 3284 1130 3370 verba¹

164 3419 229 3488 ista
251 3431 335 3489 sunt
359 3410 573 3489 damnanda,
608 3432 699 3502 quae
721 3432 838 3505 neque
856 3409 950 3504 apud
971 3407 1121 3503 Dionys.

166 3543 248 3614 Hal.
265 3568 301 3635 p.
322 3531 600 3624 conteguntur.

263 3657 341 3729 Καὶ
357 3657 393 3719 ἐν
412 3653 511 3738 αὐτῷ
527 3654 578 3740 τῷ
595 3649 804 3730 ἀμύνασθαι
818 3655 879 3720 καὶ
893 3655 1019 3720 παθεῖν
1029 3649 1123 3730 μᾶλ-

252 3775 493 3870 ᾖγνσᾶμενοι,
516 3777 605 3866 vitai
622 3773 776 3851 ἐνδόντες
792 3775 988 3858 σώζεσθαι,
1007 3777 1045 3842 τό
1056 3775 1124 3850 μὲν

257 3900 327 3991 ρόν
348 3899 411 3966 τοῦ
433 3899 546 3988 λόγου
572 3900 723 3990 ἔφυγον,
748 3899 790 3964 τὸ
817 3893 846 3965 δ’
869 3898 975 3993 ἔργον
996 3935 1021 3950 .-
1039 3934 1064 3948 -
1083 3893 1124 3958 α’.
