2508 4338
180 265 262 348 oo

292 444 434 544 „Quum
454 443 621 526 antehae
638 425 771 538 vigmti
795 464 907 517 annos
931 445 1023 518 edito
1042 445 1083 520 in
1103 448 1169 518 lu-

190 593 270 644 cem
283 570 443 641 Schilleri
452 567 720 668 Walieneteinio
732 569 960 640 vehementer
971 585 1165 643 commota

190 709 304 766 essent
323 691 532 764 nostratium
554 690 685 769 studia,
722 713 827 784 saepe
851 715 909 762 me
932 693 1051 764 dicere
1078 693 1166 764 me-

188 817 295 901 mini,
319 815 466 904 sensisse
481 815 706 895 schilterum,
729 813 765 884 in
779 816 907 910 quibus
918 818 1164 912 rebusposita

110 943 115 952 ’
188 919 272 1014 tesso¹
291 951 417 1011 natura
433 939 591 1008 Graecae
607 939 828 1032 tragoediae,
863 918 951 1021 sedi
975 944 1163 1035 queniam

185 1085 264 1136 non
280 1061 442 1160 perspexi
459 1075 526 1141 set,
548 1085 620 1132 non
633 1063 717 1132 eatis
729 1061 856 1132 vitasse
872 1060 954 1132 vitia
968 1068 1161 1136 recentio-

186 1209 281 1262 rum.
331 1187 457 1278 Neque
475 1165 656 1254 exordirim
677 1181 813 1266 facere,
839 1209 905 1254 nec
920 1181 1023 1254 finire
1042 1185 1159 1257 fabu-

182 1309 255 1380 lam
275 1309 432 1394 scivisse3
464 1307 597 1402 ingenti
615 1307 766 1376 numero
781 1329 1018 1399 personarum
1034 1306 1159 1378 intro-

185 1431 347 1501 ducendo
361 1429 524 1540 nocuisse
538 1428 749 1520 simplicitati
763 1428 832 1506 illi,
858 1429 896 1500 in
908 1453 978 1522 qua
993 1431 1156 1503 maxima

183 1572 391 1630 cerneretur
406 1557 484 1626 laus
497 1557 715 1650 tragoediam
738 1559 850 1630 multa
863 1557 967 1630 etiam
978 1558 1014 1628 in
1023 1559 1155 1654 singu·

153 1770 156 1779 Ι
183 1671 394 1772 lispartihus
410 1677 607 1761 admisisse,
630 1703 721 1773 quae
735 1681 1151 1778 egravitatetragoediae
1185 1735 1189 1743 .

185 1804 292 1897 plane
306 1803 423 1890 essent
438 1803 570 1884 alienam
592 1819 770 1878 caeterum
781 1807 940 1900 plurima
955 1829 1028 1875 esse
1041 1806 1147 1888 talia,

183 1937 243 2009 ut,
274 1923 305 1994 si
323 1949 449 2020 graece
466 1925 595 2020 scripta
611 1943 741 2017 essent,
766 1952 896 2024 graeco
914 1929 1049 2024 tragico
1066 1917 1148 2002 non

182 2061 327 2146 possent
341 2075 414 2123 non
431 2050 556 2122 heberi
574 2051 786 2150 dignissima.
837 2051 948 2145 quue
964 2065 1005 2122 ut
1022 2071 1144 2124 exem-

181 2172 529 2278 plieconfirmarem.
546 2173 891 2271 interdumvesperi.
910 2173 1145 2258 incommnni

76 2315 86 2322 ”
182 2297 344 2370 conclavi
352 2297 503 2368 familiae
511 2296 762 2380 obambulans,
785 2297 849 2368 ubi
863 2297 956 2371 inter
965 2295 1141 2372 ‘confabu-

179 2421 331 2497 lationes
350 2397 542 2495 meliorum
556 2445 632 2496 non
648 2436 700 2492 est
712 2421 812 2492 seriis
827 2423 934 2494 rebus
946 2419 1140 2494 tractandis

177 2549 298 2640 metm,
331 2535 502 2618 nonimlla
533 2545 671 2640 graecis
692 2545 855 2618 versibus
878 2541 1144 2638 exprimebant

91 2715 93 2724 =
179 2695 265 2765 quas
294 2669 477 2740 echedissas
507 2667 632 2736 deinde
663 2667 782 2740 amicis
808 2665 1018 2760 quibusdam
1044 2661 1134 2736 dedi.

176 2793 315 2864 Earum
347 2805 485 2883 partem
514 2813 630 2882 nuper
659 2813 742 2860 casu
765 2787 984 2881 recuperavi.
1042 2787 1136 2866 Nam¹

125 2923 127 2927 ’
177 2934 291 3012 quum
306 2933 366 2992 ea,
389 2935 480 3006 qnae
496 2902 720 3005 Erfurdtim
738 2910 783 2982 ad
797 2911 1015 3002 Sophoclem
1030 2909 1133 2978 eden-

152 3035 263 3111 -dum
283 3047 484 3136 paraverat,
514 3045 600 3128 post
618 3031 695 3106 eius
713 3045 868 3107 mortem
886 3033 932 3106 ad
949 3055 1008 3106 me
1029 3025 1136 3104 missa

97 3169 101 3180 '
176 3171 307 3243 essent,
327 3156 448 3230 inveni
460 3151 754 3252 inhisepietolas,
774 3147 1134 3254 quasttegiomaott-

127 3319 130 3324 ¹
173 3277 244 3382 um
266 3281 312 3360 ed
333 3301 417 3356 eum
440 3264 624 3363 dederam,
657 3299 810 3377 quemme
823 3275 861 3347 in
873 3301 943 3348 une
956 3276 1003 3354 ita
1018 3276 1132 3371 serip-

174 3419 251 3483 tum
275 3417 346 3505 ests
381 3397 465 3484 „Vis
487 3397 552 3476 tibi
574 3423 594 3472 a
617 3399 788 3479 Scidiero
816 3376 909 3478 mitti
929 3400 1129 3474 versionem

178 3545 347 3622 graecam
375 3523 530 3600 duorum
551 3525 721 3616 locorum
739 3522 1010 3602 waltensteinii.
1061 3509 1130 3594 Hii

196 3649 204 3664 '
222 3657 303 3730 aar
315 3643 438 3733 habeta
460 3647 550 3748 bene
564 3661 627 3726 est.
638 3649 746 3723 *Mihi
765 3635 839 3742 qtio
853 3649 920 3718 hos
934 3647 1031 3718 lusus
1044 3667 1128 3715 ven·
1160 3689 1170 3698 -

290 3771 431 3856 tulerit,
462 3772 605 3855 nescio,
638 3795 774 3868 neque,
809 3770 998 3863 q'uomodo
1017 3767 1129 3860 inter-

294 3919 334 3968 us
358 3895 506 3984 merim,
538 3895 723 3973 recordor.
778 3895 850 3966 eet
870 3917 940 3995 pro
963 3890 1019 3964 his
1035 3891 1128 3967 'duos
